<record><leader>00000cas a22000007a 4500</leader><controlfield tag="001">27953827</controlfield><controlfield tag="008">930420d19291989okudn ne      0    0eng d</controlfield><datafield ind1=" " ind2=" " tag="010"><subfield code="a">sn 93059282 </subfield></datafield><datafield ind1=" " ind2=" " tag="040"><subfield code="a">MGN</subfield><subfield code="b">eng</subfield><subfield code="c">MGN</subfield><subfield code="d">OBN</subfield><subfield code="d">OCLCQ</subfield><subfield code="d">OCLCF</subfield><subfield code="d">OCLCO</subfield></datafield><datafield ind1="1" ind2=" " tag="029"><subfield code="a">AU@</subfield><subfield code="b">000020737142</subfield></datafield><datafield ind1=" " ind2=" " tag="042"><subfield code="a">msc</subfield></datafield><datafield ind1=" " ind2=" " tag="043"><subfield code="a">n-us-ok</subfield></datafield><datafield ind1="0" ind2=" " tag="130"><subfield code="a">Alva review-courier (Alva, Okla. : 1929)</subfield></datafield><datafield ind1="1" ind2="4" tag="245"><subfield code="a">The Alva review-courier.</subfield></datafield><datafield ind1="3" ind2=" " tag="246"><subfield code="a">Daily review courier</subfield></datafield><datafield ind1=" " ind2=" " tag="260"><subfield code="a">Alva, Okla. :</subfield><subfield code="b">Review-Courier Pub. Co.</subfield></datafield><datafield ind1=" " ind2=" " tag="300"><subfield code="a">v.</subfield></datafield><datafield ind1=" " ind2=" " tag="310"><subfield code="a">Daily</subfield></datafield><datafield ind1="0" ind2=" " tag="362"><subfield code="a">Vol. 30, no. 98 (Apr. 23, 1929)-v. 96, no. 178 (June 4, 1989).</subfield></datafield><datafield ind1=" " ind2=" " tag="515"><subfield code="a">Frequency varies.</subfield></datafield><datafield ind1=" " ind2="0" tag="651"><subfield code="a">Alva (Okla.)</subfield><subfield code="v">Newspapers.</subfield></datafield><datafield ind1=" " ind2="0" tag="651"><subfield code="a">Woods County (Okla.)</subfield><subfield code="v">Newspapers.</subfield></datafield><datafield ind1=" " ind2="7" tag="655"><subfield code="a">Newspapers.</subfield><subfield code="2">fast</subfield><subfield code="0">(OCoLC)fst01423814</subfield></datafield><datafield ind1=" " ind2="7" tag="651"><subfield code="a">Oklahoma</subfield><subfield code="z">Alva.</subfield><subfield code="2">fast</subfield><subfield code="0">(OCoLC)fst01220625</subfield></datafield><datafield ind1=" " ind2="7" tag="651"><subfield code="a">Oklahoma</subfield><subfield code="z">Woods County.</subfield><subfield code="2">fast</subfield><subfield code="0">(OCoLC)fst01259728</subfield></datafield><datafield ind1=" " ind2=" " tag="752"><subfield code="a">United States</subfield><subfield code="b">Oklahoma</subfield><subfield code="c">Woods</subfield><subfield code="d">Alva.</subfield></datafield><datafield ind1="0" ind2="0" tag="780"><subfield code="t">Daily review-courier (Alva, Okla. : 1925)</subfield><subfield code="w">(DLC)sn 96093108</subfield><subfield code="w">(OCoLC)35796794</subfield></datafield><datafield ind1="0" ind2="7" tag="785"><subfield code="t">Woods County news (Alva, Okla. : 1968)</subfield><subfield code="w">(DLC)sn 97064704</subfield><subfield code="w">(OCoLC)36161243</subfield></datafield><datafield ind1="0" ind2="7" tag="785"><subfield code="t">Alva review-courier and Woods County news</subfield><subfield code="w">(DLC)sn 97064702</subfield><subfield code="w">(OCoLC)36160822</subfield></datafield></record>